<?xml version="1.0" encoding="utf-8"?>
<record xmlns="http://www.loc.gov/MARC21/slim" xmlns:xsi="http://www.w3.org/2001/XMLSchema-instance" xsi:schemaLocation="http://www.loc.gov/MARC21/slim http://www.loc.gov/standards/marcxml/schema/MARC21slim.xsd">
	<leader>
		03279nam a2200505   4500
	</leader>
	<controlfield tag="001">
		2752229
	</controlfield>
	<controlfield tag="003">
		NNC
	</controlfield>
	<controlfield tag="006">
		m        d        
	</controlfield>
	<controlfield tag="007">
		cr cn |||m|||a
	</controlfield>
	<controlfield tag="008">
		151102m19699999iq      ob    000 0 ara  
	</controlfield>
	<datafield ind1=" " ind2=" " tag="040">
		<subfield code="a">
			NNU
		</subfield>
		<subfield code="b">
			eng
		</subfield>
		<subfield code="e">
			rda
		</subfield>
		<subfield code="c">
			NNU
		</subfield>
	</datafield>
	<datafield ind1=" " ind2=" " tag="043">
		<subfield code="a">
			a-iq---
		</subfield>
	</datafield>
	<datafield ind1="0" ind2="0" tag="050">
		<subfield code="a">
			DS77
		</subfield>
		<subfield code="b">
			.W37 1969
		</subfield>
	</datafield>
	<datafield ind1="1" ind2=" " tag="100">
		<subfield code="6">
			880-01
		</subfield>
		<subfield code="a">
			Wardī, ʻAlī.
		</subfield>
	</datafield>
	<datafield ind1="1" ind2="0" tag="245">
		<subfield code="6">
			880-02
		</subfield>
		<subfield code="a">
			Lamaḥāt ijtimāʻīyah min tārīkh al-ʻIrāq al-ḥadīth /
		</subfield>
		<subfield code="c">
			ʻAlī al-Wardī.
		</subfield>
	</datafield>
	<datafield ind1=" " ind2=" " tag="260">
		<subfield code="6">
			880-03
		</subfield>
		<subfield code="a">
			Baghdād :
		</subfield>
		<subfield code="b">
			Maṭbaʻat al-Irshād,
		</subfield>
		<subfield code="c">
			1969-&lt;1976&gt;
		</subfield>
	</datafield>
	<datafield ind1=" " ind2=" " tag="300">
		<subfield code="a">
			online resource (volumes &lt;1-6; in 7&gt;)
		</subfield>
	</datafield>
	<datafield ind1=" " ind2=" " tag="336">
		<subfield code="a">
			text
		</subfield>
		<subfield code="2">
			rdacontent
		</subfield>
	</datafield>
	<datafield ind1=" " ind2=" " tag="337">
		<subfield code="a">
			computer
		</subfield>
		<subfield code="2">
			rdamedia
		</subfield>
	</datafield>
	<datafield ind1=" " ind2=" " tag="338">
		<subfield code="a">
			online resource
		</subfield>
		<subfield code="2">
			rdacarrier
		</subfield>
	</datafield>
	<datafield ind1=" " ind2=" " tag="500">
		<subfield code="a">
			Title on p. 4 of cover: Social aspects of Iraqi modern history.
		</subfield>
	</datafield>
	<datafield ind1=" " ind2=" " tag="500">
		<subfield code="a">
			Vol. 3-4 published: Maṭbaʻat al-Shaʻab; v. 5, pt. 1, &lt;6&gt; published: Maṭbaʻat al-Maʻārif; v. 5, pt. 2 published: Maṭbaʻat al-Adīb al-Baghdādīyah.
		</subfield>
	</datafield>
	<datafield ind1=" " ind2=" " tag="500">
		<subfield code="a">
			Part of the Arabic Collections Online (ACO) project, contributed by Columbia University Libraries.
		</subfield>
	</datafield>
	<datafield ind1=" " ind2=" " tag="504">
		<subfield code="a">
			Includes bibliographical references.
		</subfield>
	</datafield>
	<datafield ind1="0" ind2=" " tag="505">
		<subfield code="6">
			880-04
		</subfield>
		<subfield code="a">
			al-juzʼ 1. Min bidāyat al-ʻahd al-ʻUthmānī ḥattá muntaṣaf al-qarn al-tāsiʻ ʻashar -- al-juzʼ 2. Min sanat 1831 ilá sanat 1872 -- al-juzʼ 3. Min ʻām 1876 ilá ʻām 1914 -- al-juzʼ 4. Min ʻām 1914 ilá ʻām 1918 -- al-juzʼ 5. Ḥawla Thawrat al-ʻIshrīn (2 pts.) -- al-juzʼ 6. Min ʻām 1920 ilá ʻām 1924.
		</subfield>
	</datafield>
	<datafield ind1=" " ind2=" " tag="533">
		<subfield code="a">
			Electronic reproduction.
		</subfield>
		<subfield code="b">
			New York, N.Y. :
		</subfield>
		<subfield code="c">
			New York University,
		</subfield>
		<subfield code="d">
			2015.
		</subfield>
		<subfield code="5">
			NNU
		</subfield>
	</datafield>
	<datafield ind1=" " ind2="0" tag="651">
		<subfield code="a">
			Iraq
		</subfield>
		<subfield code="x">
			History
		</subfield>
		<subfield code="y">
			1534-1921.
		</subfield>
	</datafield>
	<datafield ind1=" " ind2="0" tag="651">
		<subfield code="a">
			Iraq
		</subfield>
		<subfield code="x">
			History
		</subfield>
		<subfield code="y">
			Hashemite Kingdom, 1921-1958.
		</subfield>
	</datafield>
	<datafield ind1=" " ind2="7" tag="651">
		<subfield code="a">
			Iraq.
		</subfield>
		<subfield code="2">
			fast
		</subfield>
		<subfield code="0">
			(OCoLC)fst01205757
		</subfield>
	</datafield>
	<datafield ind1=" " ind2="7" tag="648">
		<subfield code="a">
			1534 - 1958
		</subfield>
		<subfield code="2">
			fast
		</subfield>
	</datafield>
	<datafield ind1=" " ind2="7" tag="655">
		<subfield code="a">
			History.
		</subfield>
		<subfield code="2">
			fast
		</subfield>
		<subfield code="0">
			(OCoLC)fst01411628
		</subfield>
	</datafield>
	<datafield ind1="2" ind2=" " tag="710">
		<subfield code="a">
			Columbia University.
		</subfield>
		<subfield code="b">
			Libraries.
		</subfield>
	</datafield>
	<datafield ind1="0" ind2=" " tag="730">
		<subfield code="a">
			Arabic Collections Online.
		</subfield>
	</datafield>
	<datafield ind1="0" ind2=" " tag="740">
		<subfield code="a">
			Social aspects of Iraqi modern history.
		</subfield>
	</datafield>
	<datafield ind1="0" ind2="8" tag="776">
		<subfield code="i">
			Online version:
		</subfield>
		<subfield code="a">
			Wardī, ʻAlī.
		</subfield>
		<subfield code="t">
			Lamaḥāt ijtimāʻīyah min tārīkh al-ʻIrāq al-ḥadīth.
		</subfield>
		<subfield code="d">
			Baghdād : Maṭbaʻat al-Irshād, 1969-&lt;1976&gt;
		</subfield>
		<subfield code="w">
			(OCoLC)615622308
		</subfield>
	</datafield>
	<datafield ind1="0" ind2="8" tag="776">
		<subfield code="i">
			Print version:
		</subfield>
		<subfield code="a">
			Wardī, ʻAlī.
		</subfield>
		<subfield code="t">
			Lamaḥāt ijtimāʻīyah min tārīkh al-ʻIrāq al-ḥadīth
		</subfield>
		<subfield code="w">
			(NNC)2752229
		</subfield>
		<subfield code="w">
			(DLC)   72265008 
		</subfield>
		<subfield code="w">
			(OCoLC)14977769
		</subfield>
	</datafield>
	<datafield ind1="4" ind2="0" tag="856">
		<subfield code="u">
			http://hdl.handle.net/2333.1/4f4qrjfk
		</subfield>
	</datafield>
	<datafield ind1="4" ind2="0" tag="856">
		<subfield code="u">
			http://hdl.handle.net/2333.1/4f4qrjfk
		</subfield>
	</datafield>
	<datafield ind1="1" ind2=" " tag="880">
		<subfield code="6">
			100-01/r
		</subfield>
		<subfield code="a">
			وردي، علي.
		</subfield>
	</datafield>
	<datafield ind1="1" ind2="0" tag="880">
		<subfield code="6">
			245-02/r
		</subfield>
		<subfield code="a">
			لمحات اجتماعية من تاريخ العراق الحديث /
		</subfield>
		<subfield code="c">
			علي الوردي.
		</subfield>
	</datafield>
	<datafield ind1=" " ind2=" " tag="880">
		<subfield code="6">
			260-03/r
		</subfield>
		<subfield code="a">
			بغداد :
		</subfield>
		<subfield code="b">
			مطبعة الارساد.
		</subfield>
		<subfield code="c">
			1969-&lt;1976&gt;.
		</subfield>
	</datafield>
	<datafield ind1="0" ind2=" " tag="880">
		<subfield code="6">
			505-04/r
		</subfield>
		<subfield code="a">
			الجزء 1. من بداية العهد العثماني حتى منتصف القرن التاسع عشر -- الجزء 2. من سنة 1831 الى سنة 1872 -- الجزء 3. من عام 1876 الى عام 1914 -- الجزء 4. من عام 1914 الى عام 1918 -- الجزء 5. حول ثورة العشرين (جزأين) -- الجزء 6. من عام 1920 الى عام 1924.
		</subfield>
	</datafield>
	<datafield ind1=" " ind2=" " tag="959">
		<subfield code="a">
			NNU
		</subfield>
		<subfield code="b">
			WEB
		</subfield>
		<subfield code="c">
			GENI
		</subfield>
		<subfield code="t">
			0
		</subfield>
		<subfield code="m">
			Electronic access
		</subfield>
		<subfield code="s">
			01
		</subfield>
	</datafield>
	<datafield ind1=" " ind2=" " tag="959">
		<subfield code="a">
			NNU
		</subfield>
		<subfield code="b">
			WEB
		</subfield>
		<subfield code="c">
			GENI
		</subfield>
		<subfield code="t">
			0
		</subfield>
		<subfield code="m">
			Electronic access
		</subfield>
		<subfield code="s">
			01
		</subfield>
	</datafield>
	<datafield ind1=" " ind2=" " tag="999">
		<subfield code="i">
			NNC_2752229
		</subfield>
		<subfield code="o">
			(OCoLC)ocm14977769 
		</subfield>
		<subfield code="s">
			columbia_aco001281:v.1
		</subfield>
		<subfield code="s">
			columbia_aco001282:v.2
		</subfield>
	</datafield>
</record>
